% This file was created with JabRef 2.6.
% Encoding: ISO8859_1

@INPROCEEDINGS{Barham03,
  author = {Barham, Paul and Dragovic, Boris and Fraser, Keir and Hand, Steven
	and Harris, Tim and Ho, Alex and Neugebauer, Rolf and Pratt, Ian
	and Warfield, Andrew},
  title = {Xen and the art of virtualization},
  booktitle = {SOSP '03: Proceedings of the nineteenth ACM symposium on Operating
	systems principles},
  year = {2003},
  pages = {164--177},
  address = {New York, NY, USA},
  publisher = {ACM},
  doi = {http://doi.acm.org/10.1145/945445.945462},
  isbn = {1-58113-757-5},
  location = {Bolton Landing, NY, USA}
}

@INPROCEEDINGS{Bradford07,
  author = {Bradford, Robert and Kotsovinos, Evangelos and Feldmann, Anja and
	Schi\"{o}berg, Harald},
  title = {Live wide-area migration of virtual machines including local persistent
	state},
  booktitle = {VEE '07: Proceedings of the 3rd international conference on Virtual
	execution environments},
  year = {2007},
  pages = {169--179},
  address = {New York, NY, USA},
  publisher = {ACM},
  doi = {http://doi.acm.org/10.1145/1254810.1254834},
  isbn = {978-1-59593-630-1},
  location = {San Diego, California, USA}
}

@INPROCEEDINGS{Clark05,
  author = {Clark, Christopher and Fraser, Keir and Hand, Steven and Hansen,
	Jacob Gorm and Jul, Eric and Limpach, Christian and Pratt, Ian and
	Warfield, Andrew},
  title = {Live migration of virtual machines},
  booktitle = {NSDI'05: Proceedings of the 2nd conference on Symposium on Networked
	Systems Design \& Implementation},
  year = {2005},
  pages = {273--286},
  address = {Berkeley, CA, USA},
  publisher = {USENIX Association}
}

@INPROCEEDINGS{Cully08,
  author = {Brendan Cully and Geoffrey Lefebvre and Dutch Meyer and Mike Feeley
	and Norm Hutchinson and Andrew Warfield},
  title = {Remus: High availability via asynchronous virtual machine replication},
  booktitle = {In Proc. NSDI},
  year = {2008}
}

@INBOOK{Emeneker06,
  chapter = {Dynamic Virtual Clustering with Xen and Moab},
  pages = {440-451},
  title = {Frontiers of High Performance Computing and Networking - ISPA 2006
	Workshops},
  publisher = {Springer Berlin / Heidelberg},
  year = {2006},
  author = {Wesley Emeneker and Dave Jackson and Joshua Butikofer and Dan Stanzione},
  volume = {4331/2006},
  series = {Lecture Notes in Computer Science},
  owner = {kathi},
  timestamp = {2010.06.02}
}

@INPROCEEDINGS{Foster08,
  author = {Foster, Ian and Zhao, Yong and Raicu, Ioan and Lu, Shiyong},
  title = {Cloud Computing and Grid Computing 360-Degree Compared},
  booktitle = {GCE '08: Grid Computing Environments Workshop, 2008},
  year = {2008},
  owner = {kathi},
  timestamp = {2010.06.03},
  url = {http://arxiv.org/abs/0901.0131}
}

@BOOK{Hagen08,
  title = {Professional Xen Virtualization},
  publisher = {Wiley Publishing, Inc.},
  year = {2008},
  author = {William von Hagen},
  owner = {kathi},
  timestamp = {2010.06.04}
}

@ARTICLE{Hines09,
  author = {Hines, Michael R. and Deshpande, Umesh and Gopalan, Kartik},
  title = {Post-copy live migration of virtual machines},
  journal = {SIGOPS Oper. Syst. Rev.},
  year = {2009},
  volume = {43},
  pages = {14--26},
  number = {3},
  address = {New York, NY, USA},
  doi = {http://doi.acm.org/10.1145/1618525.1618528},
  issn = {0163-5980},
  publisher = {ACM}
}

@INPROCEEDINGS{Hirofuchi09,
  author = {Hirofuchi, Takahiro and Nakada, Hidemoto and Ogawa, Hirotaka and
	Itoh, Satoshi and Sekiguchi, Satoshi},
  title = {A live storage migration mechanism over wan and its performance evaluation},
  booktitle = {VTDC '09: Proceedings of the 3rd international workshop on Virtualization
	technologies in distributed computing},
  year = {2009},
  pages = {67--74},
  address = {New York, NY, USA},
  publisher = {ACM},
  doi = {http://doi.acm.org/10.1145/1555336.1555348},
  isbn = {978-1-60558-580-2},
  location = {Barcelona, Spain}
}

@INPROCEEDINGS{Keahey05,
  author = {K. Keahey and I. Foster and T. Freeman X. Zhang},
  title = {Virtual Workspaces: Achieving Quality of Service and Quality of Life
	in the Grid},
  booktitle = {Scientific Programming Journal},
  year = {2005},
  pages = {265-276}
}

@INPROCEEDINGS{Kozuch02,
  author = {Kozuch, Michael and Satyanarayanan, M.},
  title = {Internet Suspend/Resume},
  booktitle = {WMCSA '02: Proceedings of the Fourth IEEE Workshop on Mobile Computing
	Systems and Applications},
  year = {2002},
  pages = {40},
  address = {Washington, DC, USA},
  publisher = {IEEE Computer Society},
  isbn = {0-7695-1647-5}
}

@INPROCEEDINGS{Luo08,
  author = {Yingwei Luo and Binbin Zhang and Xiaolin Wang and Zhenlin Wang and
	Yifeng Sun and Haogang Chen},
  title = {Live and incremental whole-system migration of virtual machines using
	block-bitmap},
  booktitle = {CLUSTER},
  year = {2008},
  pages = {99-106},
  bibsource = {DBLP, http://dblp.uni-trier.de},
  ee = {http://dx.doi.org/10.1109/CLUSTR.2008.4663760}
}

@INPROCEEDINGS{Qian07,
  author = {Hangwei Qian and Elliot Miller and Wei Zhang and Michael Rabinovich
	and Craig E. Wills},
  title = {Agility in virtualized utility computing},
  booktitle = {In 2 nd VTDC},
  year = {2007}
}

@ARTICLE{Satyanarayanan90,
  author = {Mahadev Satyanarayanan and James J. Kistler and Puneet Kumar and
	Maria E. Okasaki and Ellen H. Siegel and David and C. Steere},
  title = {Coda: A Highly available File System for a Distributed Workstation
	Environment},
  journal = {IEEE Transactions on Computers},
  year = {1990},
  volume = {39},
  pages = {447--459}
}

@ARTICLE{Schmidt10,
  author = {Matthias Schmidt and Niels Fallenbeck and Matthew Smith and Bernd
	Freisleben},
  title = {Efficient Distribution of Virtual Machines for Cloud Computing},
  journal = {Parallel, Distributed, and Network-Based Processing, Euromicro Conference
	on},
  year = {2010},
  volume = {0},
  pages = {567-574},
  address = {Los Alamitos, CA, USA},
  doi = {http://doi.ieeecomputersociety.org/10.1109/PDP.2010.39},
  issn = {1066-6192},
  publisher = {IEEE Computer Society}
}

@ARTICLE{Schwarzkopf09,
  author = {Roland Schwarzkopf and Matthias Schmidt and Niels Fallenbeck and
	Bernd Freisleben},
  title = {Multi-layered Virtual Machines for Security Updates in Grid Environments},
  journal = {Software Engineering and Advanced Applications, Euromicro Conference},
  year = {2009},
  volume = {0},
  pages = {563-570},
  address = {Los Alamitos, CA, USA},
  doi = {http://doi.ieeecomputersociety.org/10.1109/SEAA.2009.74},
  isbn = {978-0-7695-3784-9},
  publisher = {IEEE Computer Society}
}

@ARTICLE{Smith09,
  author = {Smith, M. and Schmidt, M. and Fallenbeck, N. and D\"{o}rnemann, T.
	and Schridde, C. and Freisleben, B.},
  title = {Secure on-demand grid computing},
  journal = {Future Gener. Comput. Syst.},
  year = {2009},
  volume = {25},
  pages = {315--325},
  number = {3},
  address = {Amsterdam, The Netherlands, The Netherlands},
  doi = {http://dx.doi.org/10.1016/j.future.2008.03.002},
  issn = {0167-739X},
  publisher = {Elsevier Science Publishers B. V.}
}

@INPROCEEDINGS{Stage09,
  author = {Stage, Alexander and Setzer, Thomas},
  title = {Network-aware migration control and scheduling of differentiated
	virtual machine workloads},
  booktitle = {CLOUD '09: Proceedings of the 2009 ICSE Workshop on Software Engineering
	Challenges of Cloud Computing},
  year = {2009},
  pages = {9--14},
  address = {Washington, DC, USA},
  publisher = {IEEE Computer Society},
  doi = {http://dx.doi.org/10.1109/CLOUD.2009.5071527},
  isbn = {978-1-4244-3713-9}
}

@ARTICLE{Vaquero09,
  author = {Vaquero, Luis M. and Rodero-Merino, Luis and Caceres, Juan and Lindner,
	Maik},
  title = {A break in the clouds: towards a cloud definition},
  journal = {SIGCOMM Comput. Commun. Rev.},
  year = {2009},
  volume = {39},
  pages = {50--55},
  number = {1},
  address = {New York, NY, USA},
  doi = {http://doi.acm.org/10.1145/1496091.1496100},
  issn = {0146-4833},
  publisher = {ACM}
}

@INPROCEEDINGS{Voorsluys09,
  author = {Voorsluys, William and Broberg, James and Venugopal, Srikumar and
	Buyya, Rajkumar},
  title = {Cost of Virtual Machine Live Migration in Clouds: A Performance Evaluation},
  booktitle = {CloudCom '09: Proceedings of the 1st International Conference on
	Cloud Computing},
  year = {2009},
  pages = {254--265},
  address = {Berlin, Heidelberg},
  publisher = {Springer-Verlag},
  doi = {http://dx.doi.org/10.1007/978-3-642-10665-1_23},
  isbn = {978-3-642-10664-4},
  location = {Beijing, China}
}

@INPROCEEDINGS{Wood07,
  author = {Timothy Wood and Prashant Shenoy and Arun Venkataramani and Mazin
	Yousif},
  title = {Black-box and Gray-box Strategies for Virtual Machine Migration},
  booktitle = {In Proceedings of the 4th USENIX Symposium on Networked Systems Design
	\& Implementation},
  year = {2007},
  pages = {229-242},
  owner = {kathi},
  timestamp = {2010.06.02}
}

@BOOKLET{DRBD10,
  title = {DRBD - Software Development for High Availability Clusters},
  howpublished = {http://www.drbd.org/},
  year = {2010},
  note = {[Online; accessed 12-June-2010]},
  owner = {kathi},
  timestamp = {2010.06.12}
}

@BOOKLET{Lib10,
  title = {Libtorrent},
  howpublished = {http://www.rasterbar.com/products/libtorrent/},
  lastchecked = {"12.\,June.\,2010},
  year = {2010},
  note = {[Online; accessed 12-June-2010]},
  owner = {kathi},
  timestamp = {2010.06.12},
  url = {http://www.rasterbar.com/products/libtorrent/}
}

@BOOKLET{Sql10,
  title = {SQLite},
  howpublished = {http://www.sqlite.org/},
  year = {2010},
  note = {[Online; accessed 12-June-2010]},
  owner = {kathi},
  timestamp = {2010.06.12}
}

@BOOKLET{Virt10,
  title = {Libvirt - The virtualization API},
  howpublished = {http://libvirt.org/},
  year = {2010},
  note = {[Online; accessed 12-June-2010]},
  owner = {kathi},
  timestamp = {2010.06.12}
}

@BOOKLET{Xen10,
  title = {Xen},
  howpublished = {http://ww.xen.org},
  year = {2010},
  note = {[Online; accessed 12-June-2010]},
  owner = {kathi},
  timestamp = {2010.06.12}
}

@comment{jabref-meta: selector_publisher:}

@comment{jabref-meta: selector_author:}

@comment{jabref-meta: selector_journal:}

@comment{jabref-meta: selector_keywords:}

